@article{gupta2021retronlu,
  title={Retronlu: Retrieval augmented task-oriented semantic parsing},
  author={Gupta, Vivek and Shrivastava, Akshat and Sagar, Adithya and Aghajanyan, Armen and Savenkov, Denis},
  journal={arXiv preprint arXiv:2109.10410},
  year={2021}
}
@article{feng2023retrieval,
  title={Retrieval-Generation Synergy Augmented Large Language Models},
  author={Feng, Zhangyin and Feng, Xiaocheng and Zhao, Dezhi and Yang, Maojin and Qin, Bing},
  journal={arXiv preprint arXiv:2310.05149},
  year={2023}
}